<?xml version="1.0" encoding="UTF-8"?><collection xmlns="http://www.loc.gov/MARC21/slim"><record><leader>00494nam--2200193-u-4500</leader><controlfield tag="001">000052709</controlfield><controlfield tag="002">20161230</controlfield><controlfield tag="005">20161230201050</controlfield><controlfield tag="008">101004s1000------------r-----000-0-rus-d</controlfield><datafield ind1=" " ind2=" " tag="040"><subfield code="a">IFIN-HH</subfield></datafield><datafield ind1=" " ind2=" " tag="041"><subfield code="a">rus</subfield></datafield><datafield ind1=" " ind2=" " tag="080"><subfield code="a">533.9</subfield></datafield><datafield ind1="1" ind2=" " tag="100"><subfield code="a">Tintadze, N.L</subfield></datafield><datafield ind1="1" ind2="0" tag="245"><subfield code="a">Reliativistskie nelineinie effekti v plazme</subfield><subfield code="c">N.L. Tintadze, D.D. Thakaia</subfield></datafield><datafield ind1=" " ind2=" " tag="260"><subfield code="a">Tbilisi</subfield><subfield code="b">Metniereva</subfield><subfield code="c">1989</subfield></datafield><datafield ind1=" " ind2=" " tag="300"><subfield code="a">174 p</subfield></datafield><datafield ind1="1" ind2=" " tag="700"><subfield code="a">Thakaia, D.D</subfield></datafield><datafield ind1=" " ind2=" " tag="852"><subfield code="a">79970</subfield><subfield code="c">533.9</subfield></datafield><datafield ind1=" " ind2=" " tag="CAT"><subfield code="a">Sys</subfield><subfield code="c">20101004</subfield><subfield code="h">100449</subfield></datafield></record></collection>